@article{steins,
  author = {steins},
  title = {Stable Diffusion Clearly Explained!},
  year = {2022},
  url = {https://medium.com/@steinsfu/stable-diffusion-clearly-explained-ed008044e07e},
}

@article{uni_unet,
  author = {UNI},
  url = {https://lmb.informatik.uni-freiburg.de/people/ronneber/u-net/},
}

@article{demir,
  author = {demir},
  url = {https://towardsdatascience.com/the-arrival-of-sdxl-1-0-4e739d5cc6c7},
}

@article{clip,
  author = {OpenAI},
  url = {https://openai.com/research/clip},
}

@article{assamblyaiclip,
    author = {AssemblyAI},
    url = {https://www.assemblyai.com/blog/stable-diffusion-1-vs-2-what-you-need-to-know/},
}

@misc{ho2022classifierfree,
      title={Classifier-Free Diffusion Guidance}, 
      author={Jonathan Ho and Tim Salimans},
      year={2022},
      eprint={2207.12598},
      archivePrefix={arXiv},
      primaryClass={cs.LG}
}

@misc{zhang2023adding,
      title={Adding Conditional Control to Text-to-Image Diffusion Models}, 
      author={Lvmin Zhang and Anyi Rao and Maneesh Agrawala},
      year={2023},
      eprint={2302.05543},
      archivePrefix={arXiv},
      primaryClass={cs.CV}
}

@misc{rombach2022highresolution,
      title={High-Resolution Image Synthesis with Latent Diffusion Models}, 
      author={Robin Rombach and Andreas Blattmann and Dominik Lorenz and Patrick Esser and Björn Ommer},
      year={2022},
      eprint={2112.10752},
      archivePrefix={arXiv},
      primaryClass={cs.CV}
}

@misc{podell2023sdxl,
      title={SDXL: Improving Latent Diffusion Models for High-Resolution Image Synthesis}, 
      author={Dustin Podell and Zion English and Kyle Lacey and Andreas Blattmann and Tim Dockhorn and Jonas Müller and Joe Penna and Robin Rombach},
      year={2023},
      eprint={2307.01952},
      archivePrefix={arXiv},
      primaryClass={cs.CV}
}
